% Encoding: UTF8

@manual {tiobeindex,
	title			= {Tiobe - The Software Quality Company},
	author			= {Tiobe},
	organization 	= {Equipe Tiobe Software},
	year			= {2021},
	url				= {https://www.tiobe.com/tiobe-index/}
}

@book {laaksonen2017,
	title			= {Guide to Competitive Programming: Learning and Improving Algorithms},
	author			= {Antti Laaksonen},
	year			= {2017},
	edition			= {1},
	publisher		= {Springer},
	location		= {Suíça}
}


@manual {programizsite,
	title			= {Learn to code for free},
	author			= {Equipe Programiz},
	organization 	= {Programiz},
	subtitle		= {Binary Search},
	year			= {2021},
	url				= {https://www.programiz.com/dsa/binary-search}
}